@Article{Sammet:1985:BSE,
  author =	"Jean E. Sammet",
  title =	"Brief Summary of the Early History of {COBOL}",
  journal =	"Annals of the History of Computing",
  volume =	"7",
  number =	"4",
  pages =	"288--303",
  month =	oct # "\slash " # dec,
  year = 	"1985",
  CODEN =	"AHCOE5",
  ISSN = 	"0164-1239",
  bibdate =	"Fri Nov 1 15:29:22 MST 2002",
  bibsource =	"http://www.computer.org/annals/an1985/",
  URL =  	"http://dlib.computer.org/an/books/an1985/pdf/a4288.pdf;
		 http://www.computer.org/annals/an1985/a4288abs.htm",
}

@inproceedings{conf/aosd/LammelS05,
	Author = {Ralf L{\"a}mmel and Kris {De Schutter}},
	Bibdate = {2006-04-26},
	Bibsource = {DBLP,    http://dblp.uni-trier.de/db/conf/aosd/aosd2005.html#LammelS05},
	Booktitle = {Aspect-Oriented Software Development (AOSD)},
	Isbn = {1-59593-042-6},
	Pages = {99--110},
	Title = {What does aspect-oriented programming mean to {Cobol}?},
	Url = {http://doi.acm.org/10.1145/1052898.1052907},
	Year = {2005},
}

@inproceedings{conf:wcre:Moonen01,
	Author = {Leon Moonen},
	Bibdate = {2002-01-03},
	Bibsource = {DBLP,    http://dblp.uni-trier.de/db/conf/wcre/wcre2001.html#Moonen01},
	Booktitle = {WCRE},
	Pages = {13},
	Title = {Generating Robust Parsers Using Island Grammars},
	Url = {http://computer.org/proceedings/wcre/1303/13030013abs.htm},
	Year = {2001},
}

@article{LV01-SPE,
	Author = {L\"ammel, R. and Verhoef, C.},
	Date-Added = {2008-09-18 10:45:07 +0200},
	Date-Modified = {2008-09-18 10:45:07 +0200},
	Journal = {Software---Practice \& Experience},
	Month = {December},
	Number = {15},
	Pages = {1395--1438},
	Title = {{Semi-automatic Grammar Recovery}},
	Volume = {31},
	Year = 2001
}

@InProceedings{conf:csmr:KellensSDJP09,
  title =	"Cognac: {A} Framework for Documenting and Verifying
		 the Design of Cobol Systems",
  author =	"Andy Kellens and Kris {De Schutter} and Theo D'Hondt and
		 Luc Jorissen and Bart {Van Passel}",
  bibdate =	"2009-04-21",
  bibsource =	"DBLP,
		 http://dblp.uni-trier.de/db/conf/csmr/csmr2009.html#KellensSDJP09",
  booktitle =	"CSMR",
  booktitle =	"13th European Conference on Software Maintenance and
		 Reengineering, {CSMR} 2009, Architecture-Centric
		 Maintenance of Large-{SC}ale Software Systems,
		 Kaiserslautern, Germany, 24-27 March 2009",
  publisher =	"IEEE",
  year = 	"2009",
  editor =	"Andreas Winter and Rudolf Ferenc and Jens Knodel",
  pages =	"199--208",
  URL =  	"http://dx.doi.org/10.1109/CSMR.2009.9",
}

@inproceedings{KLV02,
  author = {Jan Kort and Ralf L{\"a}mmel and Chris Verhoef},
  title = {The Grammar Deployment Kit},
  booktitle = {Electronic Notes in Theoretical Computer Science},
  volume = {65},
  issue = {3},
  publisher = {Elsevier Science Publishers},
  editor = {Mark van den Brand and Ralf L{\"a}mmel},
  year = {2002}
}

@Book{Parr07a,
  author =	"Terence Parr",
  title =	"The Definitive {ANTLR} Reference: Building
		 Domain-Specific Languages",
  month =	may,
  keywords =	"dsllit",
  year = 	"2007",
  ISBN = 	"978-0-9787392-5-6",
  publisher =	"Pragmatic Programmers",
}
